@inproceedings{baptiste_transferring_2021,
	location = {Silchar (Online), India},
	title = {Transferring Modern Named Entity Recognition to the Historical Domain: How to Take the Step?},
	url = {https://hal.archives-ouvertes.fr/hal-03550384},
	shorttitle = {Transferring Modern Named Entity Recognition to the Historical Domain},
	booktitle = {Workshop on Natural Language Processing for Digital Humanities ({NLP}4DH)},
	author = {Baptiste, Blouin and Favre, Benoit and Auguste, Jeremy and Henriot, Christian},
	urldate = {2022-02-28},
	date = {2021-12},
}

@incollection{hamdi_multilingual_2021,
	location = {New York, {NY}, {USA}},
	title = {A Multilingual Dataset for Named Entity Recognition, Entity Linking and Stance Detection in Historical Newspapers},
	isbn = {978-1-4503-8037-9},
	url = {https://doi.org/10.1145/3404835.3463255},
	pages = {2328--2334},
	booktitle = {Proceedings of the 44th International {ACM} {SIGIR} Conference on Research and Development in Information Retrieval},
	publisher = {Association for Computing Machinery},
	author = {Hamdi, Ahmed and Linhares Pontes, Elvys and Boros, Emanuela and Nguyen, Thi Tuyet Hai and Hackl, GÃ¼nter and Moreno, Jose G. and Doucet, Antoine},
	urldate = {2022-02-28},
	date = {2021},
	keywords = {datasets, diachronic historical newspapers, entity linking, multilingual, named entity recognition, stance detection}
}